1669 2896
65 251 254 301 capam

335 49 448 125 456
687 45 732 107 P
783 60 824 104 A
876 66 915 107 R
961 66 987 109 s

335 152 464 191 rum
488 130 819 204 &clarum,
838 140 893 193 δε
915 50 1201 198 ὸτεηεΙηΧ
1240 139 1372 203 satis
1398 153 1554 208 enim

333 215 413 274 cst
429 217 582 276 hunc
603 215 1092 301 locumintelligi:
1103 229 1372 301 vtquaeS
1386 232 1555 288 Ioan-

329 317 432 357 nes
460 307 521 356 in
557 297 905 378 Apocalypsi
937 303 1007 359 de
1025 302 1294 364 castitatis
1325 313 1557 372 aureola

328 380 485 459 quafi
470 379 748 458 ipraesens
767 380 1056 459 spefizauit,
1080 406 1244 444 tanto
1265 410 1398 448 ante
1420 413 1557 470 prae

331 461 535 519 uidisse
572 461 998 534 Salomonem,
1033 487 1205 546 atque
1239 474 1628 548 praedixisse

327 544 738 624 cognoscatur
745 550 899 628 Qs
921 545 1053 607 satis
1060 554 1271 630 ,inquit
1291 558 1552 633 Sapiens,

326 629 490 683 castae
525 629 657 686 vitae
684 630 1207 704 pulchritudinem,
1234 654 1406 714 atque
1438 638 1553 696 cla·-

326 712 1051 791 titudinemdepraedicet?
1085 714 1557 792 digniffimasane

323 789 429 848 illa
460 794 559 863 est,
584 813 978 888 qua—momnes
997 816 1214 855 ament
1250 798 1557 859 Namillo-

327 891 456 931 rum
474 871 607 934 satis
632 880 825 934 mirari
846 897 967 934 non
984 873 1203 956 poffum
1225 886 1558 950 amentiam,

328 975 432 1033 qui
453 976 553 1017 eos
587 962 915 1017 existimant
948 958 1236 1039 inglorios
1275 979 1447 1040 atque
1469 970 1560 1022 in-

325 1036 594 1099 honoros
628 1039 864 1109 vixisse,
902 1061 1089 1120 neque
1124 1042 1306 1099 vllam
1354 1047 1561 1107 deinde

327 1120 676 1182 consecutos
711 1123 817 1181 effe
849 1124 975 1200 post
1011 1128 1197 1182 vitam
1252 1127 1560 1189 immorta-

323 1200 578 1274 litatem,
603 1209 703 1285 qui
724 1205 872 1262 caste
902 1208 1160 1264 viuendo
1190 1205 1366 1264 nulla·
1356 1231 1407 1265 ·n
1434 1214 1561 1287 post

322 1284 379 1344 se
420 1286 780 1367 reliquerunt
813 1285 1076 1345 sobolem
1116 1286 1271 1364 quafi
1304 1289 1388 1346 sui
1428 1291 1564 1348 suo·-

322 1387 573 1450 rumque
642 1367 976 1429 facinorum
1028 1374 1225 1427 vinam
1282 1369 1558 1451 effigiem,

272 1483 273 1487 1
326 1470 506 1529 quam
525 1455 596 1511 ad
622 1454 884 1548 posteros
906 1449 1390 1511 transmitterent:
1407 1456 1565 1532 quasi

326 1553 498 1603 ver0,
512 1538 627 1597 isti,
650 1532 969 1614 quiliberis
994 1535 1367 1633 procreandis
1385 1539 1560 1594 mini-

329 1635 425 1673 me
447 1638 652 1676 vacare
687 1616 1009 1687 voluerint,
1035 1610 1358 1696 pudiceque
1377 1622 1561 1676 vitam

331 1706 634 1777 exegerint
666 1697 843 1765 suam,
877 1698 992 1757 fine
1024 1703 1287 1766 nomine,
1325 1702 1378 1752 δε
1409 1695 1561 1757 fama

336 1782 893 1853 totidemoriantur,
909 1803 972 1839 ac
992 1780 1162 1860 plane
1180 1800 1435 1860 pereant
1454 1784 1561 1839 At-

335 1867 441 1943 qui
462 1864 709 1924 omnino
729 1869 1086 1923 contrarium
1116 1869 1380 1921 eueniet:
1422 1861 1562 1922 tales

331 1949 500 2003 enim
525 1944 911 2008 immortalem
933 1946 1014 2005 sui
1036 1950 1375 2005 memoriam
1397 1964 1561 2003 tran·
1600 1959 1606 1963 ’

339 2027 593 2089 scribent
641 2034 712 2090 ad
772 2029 1030 2108 posteros
1071 2070 1090 2091 ‚
1142 2047 1330 2106 neque
1382 2030 1561 2103 apud

341 2115 542 2172 Deum
578 2109 925 2193 superosque
961 2113 1255 2171 dumtaxat
1287 2106 1559 2166 inclares-

277 2192 282 2197 ’
344 2214 497 2258 cent,
517 2195 609 2254 sed
639 2216 771 2255 toto
790 2198 963 2253 etiam
983 2194 1124 2253 orbe
1141 2210 1307 2250 erunt
1342 2186 1564 2248 notiff-

343 2279 423 2336 mi
441 2299 612 2359 atque
634 2275 1021 2342 laudatiffimi‚
1043 2273 1318 2354 siquidem
1339 2293 1561 2336 tantam

344 2366 626 2421 virtutem
660 2361 821 2420 nulla
856 2379 1114 2438 vnquam
1150 2375 1247 2414 aut
1280 2370 1433 2423 aetas,
1465 2374 1561 2412 aut

343 2460 572 2524 tempus
598 2441 1007 2503 conticescet.
1039 2443 1206 2498 cuius
1227 2442 1462 2496 virtutis
1498 2458 1564 2493 ea
1611 2478 1613 2480 -

341 2527 423 2585 est
444 2547 627 2608 prope
654 2547 771 2609 prae
798 2525 1013 2586 caeteris
1030 2524 1331 2583 diuinitas:
1366 2521 1564 2660 vtssqui

1399 2623 1417 2659 ι
1471 2620 1562 2661 am

1605 129 1669 426 1

1601 0 1669 199 1

1624 721 1628 795 1

1627 810 1631 861 1
1649 843 1652 848 .

1628 864 1632 898 1

1629 899 1635 935 1
