<?xml version="1.0" encoding="UTF-8"?>
<!DOCTYPE html PUBLIC "-//W3C//DTD XHTML 1.0 Transitional//EN"
    "http://www.w3.org/TR/xhtml1/DTD/xhtml1-transitional.dtd">
<html xmlns="http://www.w3.org/1999/xhtml" xml:lang="en" lang="en">
 <head>
  <title>
</title>
<meta http-equiv="Content-Type" content="text/html;charset=utf-8" />
  <meta name='ocr-system' content='tesseract 3.04.00' />
  <meta name='ocr-capabilities' content='ocr_page ocr_carea ocr_par ocr_line ocrx_word'/>
</head>
<body>
  <div class='ocr_page' id='page_1' title='image "adolescensacadem00musa_0553.png"; bbox 0 0 1669 2896; ppageno 0'>
   <div class='ocr_carea' id='block_1_1' title="bbox 417 50 1249 129">
    <p class='ocr_par' dir='ltr' id='par_1_1' title="bbox 417 50 1249 129">
     <span class='ocr_line' id='line_1_1' title="bbox 417 50 1249 129; baseline -0.017 -6"><span class='ocrx_word' id='word_1_1' title='bbox 417 57 469 123; x_wconf 87' lang='lat' dir='ltr'>C</span> <span class='ocrx_word' id='word_1_2' title='bbox 517 74 553 118; x_wconf 80' lang='lat' dir='ltr'>A</span> <span class='ocrx_word' id='word_1_3' title='bbox 604 73 658 116; x_wconf 72' lang='grc' dir='ltr'>τ’.</span> <span class='ocrx_word' id='word_1_4' title='bbox 742 51 864 116; x_wconf 90' lang='lat' dir='ltr'>IV.</span> <span class='ocrx_word' id='word_1_5' title='bbox 1137 50 1249 129; x_wconf 83' lang='lat'>481</span> 
     </span>
    </p>
   </div>
   <div class='ocr_carea' id='block_1_2' title="bbox 0 133 1551 2650">
    <p class='ocr_par' dir='ltr' id='par_1_2' title="bbox 41 133 1256 630">
     <span class='ocr_line' id='line_1_2' title="bbox 43 133 1256 229; baseline -0.016 -15"><span class='ocrx_word' id='word_1_6' title='bbox 43 149 282 214; x_wconf 82' lang='lat' dir='ltr'>vinculo</span> <span class='ocrx_word' id='word_1_7' title='bbox 300 194 314 219; x_wconf 92' lang='lat'>‚</span> <span class='ocrx_word' id='word_1_8' title='bbox 345 170 464 229; x_wconf 89' lang='lat' dir='ltr'>quo</span> <span class='ocrx_word' id='word_1_9' title='bbox 503 137 806 204; x_wconf 65' lang='lat' dir='ltr'>atstiffime</span> <span class='ocrx_word' id='word_1_10' title='bbox 849 142 976 198; x_wconf 85' lang='lat' dir='ltr'>Deo</span> <span class='ocrx_word' id='word_1_11' title='bbox 1024 133 1256 218; x_wconf 83' lang='lat' dir='ltr'>religati</span> 
     </span>
     <span class='ocr_line' id='line_1_3' title="bbox 41 219 1250 314; baseline -0.016 -19"><span class='ocrx_word' id='word_1_12' title='bbox 41 237 492 314; x_wconf 83' lang='lat' dir='ltr'>obstringimur:</span> <span class='ocrx_word' id='word_1_13' title='bbox 535 229 695 284; x_wconf 86' lang='lat' dir='ltr'>cuius</span> <span class='ocrx_word' id='word_1_14' title='bbox 725 219 944 282; x_wconf 82' lang='lat' dir='ltr'>vinculi</span> <span class='ocrx_word' id='word_1_15' title='bbox 969 239 1084 280; x_wconf 83' lang='lat' dir='ltr'>tam</span> <span class='ocrx_word' id='word_1_16' title='bbox 1107 240 1250 300; x_wconf 81' lang='lat' dir='ltr'>got-</span> 
     </span>
     <span class='ocr_line' id='line_1_4' title="bbox 43 303 1250 380; baseline -0.016 -4"><span class='ocrx_word' id='word_1_17' title='bbox 43 320 202 377; x_wconf 86' lang='lat' dir='ltr'>diani</span> <span class='ocrx_word' id='word_1_18' title='bbox 221 314 349 374; x_wconf 84' lang='lat' dir='ltr'>sunt</span> <span class='ocrx_word' id='word_1_19' title='bbox 367 311 530 368; x_wconf 84' lang='lat' dir='ltr'>nodi:</span> <span class='ocrx_word' id='word_1_20' title='bbox 557 326 618 363; x_wconf 94' lang='lat' dir='ltr'>vt</span> <span class='ocrx_word' id='word_1_21' title='bbox 637 303 931 363; x_wconf 83' lang='lat' dir='ltr'>exsoluere</span> <span class='ocrx_word' id='word_1_22' title='bbox 952 320 1250 380; x_wconf 81' lang='lat' dir='ltr'>nunquam</span> 
     </span>
     <span class='ocr_line' id='line_1_5' title="bbox 42 382 1253 479; baseline -0.007 -30"><span class='ocrx_word' id='word_1_23' title='bbox 42 394 494 479; x_wconf 73' lang='lat' dir='ltr'>poffimu5.Licet</span> <span class='ocrx_word' id='word_1_24' title='bbox 511 408 700 447; x_wconf 88' lang='lat' dir='ltr'>autem</span> <span class='ocrx_word' id='word_1_25' title='bbox 724 385 928 444; x_wconf 81' lang='lat' dir='ltr'>habeat</span> <span class='ocrx_word' id='word_1_26' title='bbox 945 383 1042 445; x_wconf 82' lang='lat' dir='ltr'>illa</span> <span class='ocrx_word' id='word_1_27' title='bbox 1059 382 1253 443; x_wconf 79' lang='lat' dir='ltr'>causas</span> 
     </span>
     <span class='ocr_line' id='line_1_6' title="bbox 45 469 1248 558; baseline -0.009 -21"><span class='ocrx_word' id='word_1_28' title='bbox 45 479 476 558; x_wconf 84' lang='lat' dir='ltr'>obligationum</span> <span class='ocrx_word' id='word_1_29' title='bbox 495 469 766 551; x_wconf 77' lang='lat' dir='ltr'>plurimas</span> <span class='ocrx_word' id='word_1_30' title='bbox 794 489 809 526; x_wconf 69' lang='grc' dir='ltr'><strong>ε</strong></span> <span class='ocrx_word' id='word_1_31' title='bbox 832 487 1021 526; x_wconf 85' lang='lat' dir='ltr'>tamen</span> <span class='ocrx_word' id='word_1_32' title='bbox 1041 469 1110 524; x_wconf 87' lang='lat' dir='ltr'>ad</span> <span class='ocrx_word' id='word_1_33' title='bbox 1129 470 1248 526; x_wconf 90' lang='lat' dir='ltr'>duo</span> 
     </span>
     <span class='ocr_line' id='line_1_7' title="bbox 42 551 1254 630; baseline -0.011 -10"><span class='ocrx_word' id='word_1_34' title='bbox 42 559 370 619; x_wconf 85' lang='lat' dir='ltr'>summatim</span> <span class='ocrx_word' id='word_1_35' title='bbox 426 555 616 630; x_wconf 82' lang='lat' dir='ltr'>capita</span> <span class='ocrx_word' id='word_1_36' title='bbox 664 552 938 608; x_wconf 83' lang='lat' dir='ltr'>videntur</span> <span class='ocrx_word' id='word_1_37' title='bbox 991 551 1254 607; x_wconf 87' lang='lat' dir='ltr'>reuocati</span> 
     </span>
    </p>

    <p class='ocr_par' dir='ltr' id='par_1_3' title="bbox 0 630 1543 2257">
     <span class='ocr_line' id='line_1_8' title="bbox 0 630 1252 722; baseline -0.014 -22"><span class='ocrx_word' id='word_1_38' title='bbox 0 658 14 676; x_wconf 74' lang='lat'>⁸</span> <span class='ocrx_word' id='word_1_39' title='bbox 43 638 217 722; x_wconf 79' lang='lat' dir='ltr'>poffe.</span> <span class='ocrx_word' id='word_1_40' title='bbox 259 637 410 694; x_wconf 85' lang='lat' dir='ltr'>Nam</span> <span class='ocrx_word' id='word_1_41' title='bbox 447 630 696 713; x_wconf 74' lang='lat' dir='ltr'>primum</span> <span class='ocrx_word' id='word_1_42' title='bbox 730 631 859 689; x_wconf 73' lang='lat' dir='ltr'>cum</span> <span class='ocrx_word' id='word_1_43' title='bbox 883 630 911 686; x_wconf 73' lang='grc' dir='ltr'>ὲ</span> <span class='ocrx_word' id='word_1_44' title='bbox 948 631 1075 687; x_wconf 89' lang='lat' dir='ltr'>Deo</span> <span class='ocrx_word' id='word_1_45' title='bbox 1108 631 1252 710; x_wconf 85' lang='lat' dir='ltr'>Opt.</span> 
     </span>
     <span class='ocr_line' id='line_1_9' title="bbox 48 709 1259 794; baseline -0.007 -15"><span class='ocrx_word' id='word_1_46' title='bbox 48 724 206 780; x_wconf 85' lang='lat' dir='ltr'>Max.</span> <span class='ocrx_word' id='word_1_47' title='bbox 224 721 695 794; x_wconf 79' lang='lat' dir='ltr'>acceperimus,vt</span> <span class='ocrx_word' id='word_1_48' title='bbox 718 712 982 770; x_wconf 85' lang='lat' dir='ltr'>homines</span> <span class='ocrx_word' id='word_1_49' title='bbox 1002 709 1259 780; x_wconf 77' lang='lat' dir='ltr'>essemus.</span> 
     </span>
     <span class='ocr_line' id='line_1_10' title="bbox 44 791 1260 870; baseline -0.006 -11"><span class='ocrx_word' id='word_1_50' title='bbox 44 804 243 859; x_wconf 90' lang='lat' dir='ltr'>omnia</span> <span class='ocrx_word' id='word_1_51' title='bbox 270 821 332 857; x_wconf 86' lang='lat' dir='ltr'>ea</span> <span class='ocrx_word' id='word_1_52' title='bbox 353 793 544 854; x_wconf 82' lang='lat' dir='ltr'>officia</span> <span class='ocrx_word' id='word_1_53' title='bbox 570 794 621 853; x_wconf 87' lang='lat' dir='ltr'>ei</span> <span class='ocrx_word' id='word_1_54' title='bbox 651 793 943 861; x_wconf 86' lang='lat' dir='ltr'>debemus,</span> <span class='ocrx_word' id='word_1_55' title='bbox 962 807 1087 870; x_wconf 86' lang='lat' dir='ltr'>quae</span> <span class='ocrx_word' id='word_1_56' title='bbox 1106 791 1260 854; x_wconf 69' lang='lat' dir='ltr'>bene</span> 
     </span>
     <span class='ocr_line' id='line_1_11' title="bbox 43 871 1258 957; baseline -0.005 -19"><span class='ocrx_word' id='word_1_57' title='bbox 43 882 288 939; x_wconf 87' lang='lat' dir='ltr'>instituti</span> <span class='ocrx_word' id='word_1_58' title='bbox 316 878 419 957; x_wconf 80' lang='lat' dir='ltr'>filij</span> <span class='ocrx_word' id='word_1_59' title='bbox 443 875 652 936; x_wconf 82' lang='lat' dir='ltr'>debent</span> <span class='ocrx_word' id='word_1_60' title='bbox 687 871 977 931; x_wconf 87' lang='lat' dir='ltr'>catiffimis</span> <span class='ocrx_word' id='word_1_61' title='bbox 998 881 1258 951; x_wconf 83' lang='lat' dir='ltr'>parenti-</span> 
     </span>
     <span class='ocr_line' id='line_1_12' title="bbox 47 952 1257 1037; baseline -0.005 -18"><span class='ocrx_word' id='word_1_62' title='bbox 47 960 152 1020; x_wconf 89' lang='lat' dir='ltr'>bus</span> <span class='ocrx_word' id='word_1_63' title='bbox 178 964 413 1019; x_wconf 81' lang='lat' dir='ltr'>:deinde</span> <span class='ocrx_word' id='word_1_64' title='bbox 434 958 593 1037; x_wconf 79' lang='lat' dir='ltr'>qubd</span> <span class='ocrx_word' id='word_1_65' title='bbox 613 954 681 1012; x_wconf 82' lang='lat' dir='ltr'>ab</span> <span class='ocrx_word' id='word_1_66' title='bbox 701 952 950 1013; x_wconf 90' lang='lat' dir='ltr'>eiusdem</span> <span class='ocrx_word' id='word_1_67' title='bbox 970 955 1257 1032; x_wconf 85' lang='lat' dir='ltr'>potentis-</span> 
     </span>
     <span class='ocr_line' id='line_1_13' title="bbox 46 1038 1257 1118; baseline -0.005 -17"><span class='ocrx_word' id='word_1_68' title='bbox 46 1041 184 1101; x_wconf 67' lang='lat' dir='ltr'>fima</span> <span class='ocrx_word' id='word_1_69' title='bbox 205 1062 378 1101; x_wconf 82' lang='lat' dir='ltr'>manu</span> <span class='ocrx_word' id='word_1_70' title='bbox 407 1044 486 1097; x_wconf 88' lang='lat' dir='ltr'>ita</span> <span class='ocrx_word' id='word_1_71' title='bbox 506 1038 855 1118; x_wconf 80' lang='lat' dir='ltr'>pendeamus</span> <span class='ocrx_word' id='word_1_72' title='bbox 880 1054 969 1092; x_wconf 72' lang='lat' dir='ltr'>:Vt</span> <span class='ocrx_word' id='word_1_73' title='bbox 989 1053 1174 1110; x_wconf 88' lang='lat' dir='ltr'>neque</span> <span class='ocrx_word' id='word_1_74' title='bbox 1192 1059 1257 1095; x_wconf 82' lang='lat' dir='ltr'>ea</span> 
     </span>
     <span class='ocr_line' id='line_1_14' title="bbox 46 1113 1259 1202; baseline -0.006 -21"><span class='ocrx_word' id='word_1_75' title='bbox 46 1143 172 1202; x_wconf 86' lang='lat' dir='ltr'>quae</span> <span class='ocrx_word' id='word_1_76' title='bbox 202 1129 262 1181; x_wconf 89' lang='lat' dir='ltr'>in</span> <span class='ocrx_word' id='word_1_77' title='bbox 297 1141 400 1180; x_wconf 92' lang='lat' dir='ltr'>nos</span> <span class='ocrx_word' id='word_1_78' title='bbox 438 1115 700 1199; x_wconf 71' lang='lat' dir='ltr'>profudit</span> <span class='ocrx_word' id='word_1_79' title='bbox 737 1113 1039 1184; x_wconf 76' lang='lat' dir='ltr'>beneficia,</span> <span class='ocrx_word' id='word_1_80' title='bbox 1069 1136 1259 1197; x_wconf 84' lang='lat' dir='ltr'>neque</span> 
     </span>
     <span class='ocr_line' id='line_1_15' title="bbox 47 1202 1260 1284; baseline -0.005 -21"><span class='ocrx_word' id='word_1_81' title='bbox 47 1202 280 1284; x_wconf 79' lang='lat' dir='ltr'>nosipsi</span> <span class='ocrx_word' id='word_1_82' title='bbox 299 1224 394 1273; x_wconf 89' lang='lat' dir='ltr'>om</span> <span class='ocrx_word' id='word_1_83' title='bbox 408 1206 548 1260; x_wconf 87' lang='lat' dir='ltr'>uino</span> <span class='ocrx_word' id='word_1_84' title='bbox 566 1202 636 1258; x_wconf 78' lang='lat' dir='ltr'>ad</span> <span class='ocrx_word' id='word_1_85' title='bbox 653 1218 1010 1257; x_wconf 85' lang='lat' dir='ltr'>momentum</span> <span class='ocrx_word' id='word_1_86' title='bbox 1033 1217 1260 1278; x_wconf 85' lang='lat' dir='ltr'>tempo-</span> 
     </span>
     <span class='ocr_line' id='line_1_16' title="bbox 48 1279 1260 1363; baseline -0.004 -19"><span class='ocrx_word' id='word_1_87' title='bbox 48 1288 120 1344; x_wconf 80' lang='lat' dir='ltr'>ris</span> <span class='ocrx_word' id='word_1_88' title='bbox 140 1283 252 1345; x_wconf 88' lang='lat' dir='ltr'>fine</span> <span class='ocrx_word' id='word_1_89' title='bbox 272 1283 394 1363; x_wconf 86' lang='lat' dir='ltr'>ipso</span> <span class='ocrx_word' id='word_1_90' title='bbox 414 1280 709 1341; x_wconf 85' lang='lat' dir='ltr'>confistere</span> <span class='ocrx_word' id='word_1_91' title='bbox 727 1279 1025 1359; x_wconf 77' lang='lat' dir='ltr'>poffimus:</span> <span class='ocrx_word' id='word_1_92' title='bbox 1044 1303 1105 1340; x_wconf 84' lang='lat' dir='ltr'>ea</span> <span class='ocrx_word' id='word_1_93' title='bbox 1127 1301 1260 1358; x_wconf 70' lang='lat' dir='ltr'>pre-</span> 
     </span>
     <span class='ocr_line' id='line_1_17' title="bbox 51 1359 1263 1441; baseline 0 -17"><span class='ocrx_word' id='word_1_94' title='bbox 51 1384 206 1426; x_wconf 85' lang='lat' dir='ltr'>tetea</span> <span class='ocrx_word' id='word_1_95' title='bbox 243 1369 554 1433; x_wconf 88' lang='lat' dir='ltr'>debemus,</span> <span class='ocrx_word' id='word_1_96' title='bbox 609 1381 730 1441; x_wconf 86' lang='lat' dir='ltr'>quae</span> <span class='ocrx_word' id='word_1_97' title='bbox 763 1359 1263 1440; x_wconf 81' lang='lat' dir='ltr'>obsequentiffimi</span> 
     </span>
     <span class='ocr_line' id='line_1_18' title="bbox 50 1441 1269 1522; baseline -0.001 -17"><span class='ocrx_word' id='word_1_98' title='bbox 50 1445 195 1506; x_wconf 88' lang='lat' dir='ltr'>serui</span> <span class='ocrx_word' id='word_1_99' title='bbox 217 1446 325 1507; x_wconf 87' lang='lat' dir='ltr'>suis</span> <span class='ocrx_word' id='word_1_100' title='bbox 344 1442 596 1504; x_wconf 89' lang='lat' dir='ltr'>dominis</span> <span class='ocrx_word' id='word_1_101' title='bbox 622 1441 848 1501; x_wconf 89' lang='lat' dir='ltr'>debent.</span> <span class='ocrx_word' id='word_1_102' title='bbox 886 1448 1074 1522; x_wconf 80' lang='lat' dir='ltr'>Atque</span> <span class='ocrx_word' id='word_1_103' title='bbox 1103 1443 1269 1520; x_wconf 81' lang='lat' dir='ltr'>hinc,</span> 
     </span>
     <span class='ocr_line' id='line_1_19' title="bbox 52 1522 1268 1610; baseline 0.002 -24"><span class='ocrx_word' id='word_1_104' title='bbox 52 1548 178 1606; x_wconf 85' lang='lat' dir='ltr'>quae</span> <span class='ocrx_word' id='word_1_105' title='bbox 215 1525 548 1610; x_wconf 61' lang='lat' dir='ltr'>quantaque</span> <span class='ocrx_word' id='word_1_106' title='bbox 579 1522 641 1583; x_wconf 85' lang='lat' dir='ltr'>fit</span> <span class='ocrx_word' id='word_1_107' title='bbox 682 1525 849 1584; x_wconf 88' lang='lat' dir='ltr'>huius</span> <span class='ocrx_word' id='word_1_108' title='bbox 886 1531 1114 1584; x_wconf 86' lang='lat' dir='ltr'>virtutis</span> <span class='ocrx_word' id='word_1_109' title='bbox 1145 1526 1268 1588; x_wconf 83' lang='lat' dir='ltr'>laus</span> 
     </span>
     <span class='ocr_line' id='line_1_20' title="bbox 54 1605 1269 1689; baseline -0.002 -21"><span class='ocrx_word' id='word_1_110' title='bbox 54 1629 228 1687; x_wconf 83' lang='lat' dir='ltr'>atque</span> <span class='ocrx_word' id='word_1_111' title='bbox 248 1611 581 1689; x_wconf 76' lang='lat' dir='ltr'>praestantia,</span> <span class='ocrx_word' id='word_1_112' title='bbox 600 1606 781 1667; x_wconf 79' lang='lat' dir='ltr'>elucet</span> <span class='ocrx_word' id='word_1_113' title='bbox 804 1628 818 1665; x_wconf 88' lang='lat'><strong>:</strong></span> <span class='ocrx_word' id='word_1_114' title='bbox 839 1605 1081 1665; x_wconf 78' lang='lat' dir='ltr'>versatur</span> <span class='ocrx_word' id='word_1_115' title='bbox 1112 1613 1269 1670; x_wconf 89' lang='lat' dir='ltr'>enim</span> 
     </span>
     <span class='ocr_line' id='line_1_21' title="bbox 52 1685 1272 1769; baseline 0.003 -25"><span class='ocrx_word' id='word_1_116' title='bbox 52 1694 207 1751; x_wconf 83' lang='lat' dir='ltr'>circa</span> <span class='ocrx_word' id='word_1_117' title='bbox 232 1691 450 1752; x_wconf 85' lang='lat' dir='ltr'>cultum</span> <span class='ocrx_word' id='word_1_118' title='bbox 473 1685 939 1769; x_wconf 56' lang='lat' dir='ltr'>Numinisae-que</span> <span class='ocrx_word' id='word_1_119' title='bbox 967 1686 1128 1747; x_wconf 88' lang='lat' dir='ltr'>suum</span> <span class='ocrx_word' id='word_1_120' title='bbox 1158 1689 1272 1748; x_wconf 88' lang='lat' dir='ltr'>ho-</span> 
     </span>
     <span class='ocr_line' id='line_1_22' title="bbox 57 1767 1272 1849; baseline 0 -19"><span class='ocrx_word' id='word_1_121' title='bbox 57 1792 264 1830; x_wconf 80' lang='lat' dir='ltr'>norem</span> <span class='ocrx_word' id='word_1_122' title='bbox 283 1769 470 1832; x_wconf 85' lang='lat' dir='ltr'>defett</span> <span class='ocrx_word' id='word_1_123' title='bbox 489 1816 505 1841; x_wconf 91' lang='lat'>‚</span> <span class='ocrx_word' id='word_1_124' title='bbox 524 1776 682 1831; x_wconf 88' lang='lat' dir='ltr'>cuius</span> <span class='ocrx_word' id='word_1_125' title='bbox 701 1767 816 1849; x_wconf 86' lang='lat' dir='ltr'>ipse</span> <span class='ocrx_word' id='word_1_126' title='bbox 840 1775 991 1830; x_wconf 90' lang='lat' dir='ltr'>Deus</span> <span class='ocrx_word' id='word_1_127' title='bbox 1012 1772 1086 1830; x_wconf 88' lang='lat' dir='ltr'>est</span> <span class='ocrx_word' id='word_1_128' title='bbox 1103 1771 1272 1834; x_wconf 59' lang='lat' dir='ltr'>voice}</span> 
     </span>
     <span class='ocr_line' id='line_1_23' title="bbox 58 1851 1276 1932; baseline 0.001 -21"><span class='ocrx_word' id='word_1_129' title='bbox 58 1874 256 1913; x_wconf 87' lang='lat' dir='ltr'>amans</span> <span class='ocrx_word' id='word_1_130' title='bbox 279 1862 332 1913; x_wconf 73' lang='grc' dir='ltr'>δε</span> <span class='ocrx_word' id='word_1_131' title='bbox 364 1851 643 1913; x_wconf 86' lang='lat' dir='ltr'>studiosus</span> <span class='ocrx_word' id='word_1_132' title='bbox 688 1876 704 1912; x_wconf 72' lang='grc' dir='ltr'>ι</span> <span class='ocrx_word' id='word_1_133' title='bbox 738 1855 970 1932; x_wconf 84' lang='lat' dir='ltr'>ecquid,</span> <span class='ocrx_word' id='word_1_134' title='bbox 1009 1851 1276 1932; x_wconf 75' lang='lat' dir='ltr'>obsecr0‚</span> 
     </span>
     <span class='ocr_line' id='line_1_24' title="bbox 59 1934 1277 2013; baseline 0.004 -21"><span class='ocrx_word' id='word_1_135' title='bbox 59 1935 438 1994; x_wconf 84' lang='lat' dir='ltr'>excellentius</span> <span class='ocrx_word' id='word_1_136' title='bbox 498 1955 674 2013; x_wconf 83' lang='lat' dir='ltr'>agant</span> <span class='ocrx_word' id='word_1_137' title='bbox 718 1934 983 1994; x_wconf 89' lang='lat' dir='ltr'>homines</span> <span class='ocrx_word' id='word_1_138' title='bbox 1024 1939 1084 1993; x_wconf 90' lang='lat' dir='ltr'>in</span> <span class='ocrx_word' id='word_1_139' title='bbox 1132 1947 1277 2000; x_wconf 84' lang='lat' dir='ltr'>vita,</span> 
     </span>
     <span class='ocr_line' id='line_1_25' title="bbox 60 2016 1275 2095; baseline 0.004 -21"><span class='ocrx_word' id='word_1_140' title='bbox 60 2016 233 2095; x_wconf 67' lang='lat' dir='ltr'>quim</span> <span class='ocrx_word' id='word_1_141' title='bbox 253 2037 309 2075; x_wconf 79' lang='lat' dir='ltr'>vt</span> <span class='ocrx_word' id='word_1_142' title='bbox 330 2036 529 2074; x_wconf 86' lang='lat' dir='ltr'>verum</span> <span class='ocrx_word' id='word_1_143' title='bbox 550 2021 740 2076; x_wconf 86' lang='lat' dir='ltr'>Deum</span> <span class='ocrx_word' id='word_1_144' title='bbox 763 2021 1046 2078; x_wconf 88' lang='lat' dir='ltr'>norint‚&amp;</span> <span class='ocrx_word' id='word_1_145' title='bbox 1064 2019 1275 2095; x_wconf 87' lang='lat' dir='ltr'>quibus</span> 
     </span>
     <span class='ocr_line' id='line_1_26' title="bbox 64 2094 1535 2178; baseline 0.001 -23"><span class='ocrx_word' id='word_1_146' title='bbox 64 2099 225 2157; x_wconf 87' lang='lat' dir='ltr'>decet</span> <span class='ocrx_word' id='word_1_147' title='bbox 246 2096 627 2178; x_wconf 82' lang='lat' dir='ltr'>religionibus</span> <span class='ocrx_word' id='word_1_148' title='bbox 647 2094 868 2156; x_wconf 77' lang='lat' dir='ltr'>colant?</span> <span class='ocrx_word' id='word_1_149' title='bbox 907 2096 1275 2176; x_wconf 78' lang='lat' dir='ltr'>Religionem</span> <span class='ocrx_word' id='word_1_150' title='bbox 1306 2101 1336 2140; x_wconf 81' lang='lat'>1-</span> <span class='ocrx_word' id='word_1_151' title='bbox 1360 2111 1401 2142; x_wconf 84' lang='lat'>⁶·</span> <span class='ocrx_word' id='word_1_152' title='bbox 1418 2104 1464 2143; x_wconf 72' lang='lat' dir='ltr'>in</span> <span class='ocrx_word' id='word_1_153' title='bbox 1481 2101 1535 2142; x_wconf 76' lang='lat' dir='ltr'>ls-</span> 
     </span>
     <span class='ocr_line' id='line_1_27' title="bbox 65 2178 1543 2257; baseline -0.003 -21"><span class='ocrx_word' id='word_1_154' title='bbox 65 2178 123 2236; x_wconf 83' lang='lat' dir='ltr'>S·</span> <span class='ocrx_word' id='word_1_155' title='bbox 144 2183 491 2256; x_wconf 81' lang='lat' dir='ltr'>Hietonym.</span> <span class='ocrx_word' id='word_1_156' title='bbox 511 2185 661 2238; x_wconf 83' lang='lat' dir='ltr'>viam</span> <span class='ocrx_word' id='word_1_157' title='bbox 679 2182 918 2257; x_wconf 84' lang='lat' dir='ltr'>regiam.</span> <span class='ocrx_word' id='word_1_158' title='bbox 946 2183 1001 2238; x_wconf 91' lang='lat' dir='ltr'>S.</span> <span class='ocrx_word' id='word_1_159' title='bbox 1030 2181 1279 2241; x_wconf 84' lang='lat' dir='ltr'>Ambto-</span> <span class='ocrx_word' id='word_1_160' title='bbox 1303 2195 1457 2237; x_wconf 78' lang='lat' dir='ltr'>L.1.de</span> <span class='ocrx_word' id='word_1_161' title='bbox 1473 2192 1543 2233; x_wconf 87' lang='lat' dir='ltr'>of-</span> 
     </span>
    </p>

    <p class='ocr_par' dir='ltr' id='par_1_4' title="bbox 23 2252 1551 2613">
     <span class='ocr_line' id='line_1_28' title="bbox 23 2252 1514 2345; baseline 0.003 -28"><span class='ocrx_word' id='word_1_162' title='bbox 23 2300 26 2302; x_wconf 26' lang='lat'>*</span> <span class='ocrx_word' id='word_1_163' title='bbox 69 2257 174 2317; x_wconf 86' lang='lat' dir='ltr'>fius</span> <span class='ocrx_word' id='word_1_164' title='bbox 205 2265 437 2321; x_wconf 87' lang='lat' dir='ltr'>initium</span> <span class='ocrx_word' id='word_1_165' title='bbox 465 2261 811 2328; x_wconf 67' lang='lat' dir='ltr'>intelletftus,</span> <span class='ocrx_word' id='word_1_166' title='bbox 832 2258 1276 2332; x_wconf 81' lang='lat' dir='ltr'>fundamentum</span> <span class='ocrx_word' id='word_1_167' title='bbox 1306 2252 1514 2345; x_wconf 42' lang='grc' dir='ltr'>ἓξᾞὲὶζζ</span> 
     </span>
     <span class='ocr_line' id='line_1_29' title="bbox 72 2333 1522 2424; baseline -0.003 -26"><span class='ocrx_word' id='word_1_168' title='bbox 72 2345 336 2401; x_wconf 90' lang='lat' dir='ltr'>omnium</span> <span class='ocrx_word' id='word_1_169' title='bbox 374 2347 676 2414; x_wconf 83' lang='lat' dir='ltr'>virtutum,</span> <span class='ocrx_word' id='word_1_170' title='bbox 720 2341 777 2398; x_wconf 89' lang='lat' dir='ltr'>S.</span> <span class='ocrx_word' id='word_1_171' title='bbox 808 2347 1124 2424; x_wconf 85' lang='lat' dir='ltr'>Gregorius</span> <span class='ocrx_word' id='word_1_172' title='bbox 1157 2347 1280 2404; x_wconf 83' lang='lat' dir='ltr'>Na·</span> <span class='ocrx_word' id='word_1_173' title='bbox 1303 2333 1522 2418; x_wconf 44' lang='lat' dir='ltr'>de&#39;horn„</span> 
     </span>
     <span class='ocr_line' id='line_1_30' title="bbox 75 2418 1548 2506; baseline 0.005 -29"><span class='ocrx_word' id='word_1_174' title='bbox 75 2425 340 2481; x_wconf 83' lang='lat' dir='ltr'>zianzen.</span> <span class='ocrx_word' id='word_1_175' title='bbox 363 2423 489 2502; x_wconf 83' lang='lat' dir='ltr'>pios</span> <span class='ocrx_word' id='word_1_176' title='bbox 520 2424 784 2482; x_wconf 87' lang='lat' dir='ltr'>homines</span> <span class='ocrx_word' id='word_1_177' title='bbox 811 2445 928 2482; x_wconf 89' lang='lat' dir='ltr'>non</span> <span class='ocrx_word' id='word_1_178' title='bbox 954 2446 1069 2484; x_wconf 83' lang='lat' dir='ltr'>tam</span> <span class='ocrx_word' id='word_1_179' title='bbox 1089 2423 1281 2485; x_wconf 88' lang='lat' dir='ltr'>homi·</span> <span class='ocrx_word' id='word_1_180' title='bbox 1303 2418 1548 2506; x_wconf 39' lang='lat' dir='ltr'>ffffttjt‘g‘gy‘</span> 
     </span>
     <span class='ocr_line' id='line_1_31' title="bbox 74 2502 1551 2613; baseline 0.001 -52"><span class='ocrx_word' id='word_1_181' title='bbox 74 2502 374 2585; x_wconf 62' lang='lat' dir='ltr'>ne5,quim</span> <span class='ocrx_word' id='word_1_182' title='bbox 394 2505 674 2589; x_wconf 83' lang='lat' dir='ltr'>Angelos.</span> <span class='ocrx_word' id='word_1_183' title='bbox 692 2511 744 2566; x_wconf 84' lang='lat' dir='ltr'>S.</span> <span class='ocrx_word' id='word_1_184' title='bbox 769 2508 1118 2585; x_wconf 82' lang='lat' dir='ltr'>Hieronym.</span> <span class='ocrx_word' id='word_1_185' title='bbox 1140 2527 1280 2585; x_wconf 80' lang='lat' dir='ltr'>prae-</span> <span class='ocrx_word' id='word_1_186' title='bbox 1315 2518 1431 2613; x_wconf 56' lang='lat' dir='ltr'>fiph-</span> <span class='ocrx_word' id='word_1_187' title='bbox 1448 2529 1551 2572; x_wconf 77' lang='lat' dir='ltr'>pau·</span> 
     </span>
    </p>

    <p class='ocr_par' dir='ltr' id='par_1_5' title="bbox 725 2587 1377 2650">
     <span class='ocr_line' id='line_1_32' title="bbox 725 2587 1377 2650; baseline 0.005 -4"><span class='ocrx_word' id='word_1_188' title='bbox 725 2587 845 2646; x_wconf 82' lang='lat' dir='ltr'>Hh</span> <span class='ocrx_word' id='word_1_189' title='bbox 1132 2608 1285 2650; x_wconf 82' lang='lat' dir='ltr'>terea</span> <span class='ocrx_word' id='word_1_190' title='bbox 1331 2587 1377 2615; x_wconf 65' lang='lat'>²²</span> 
     </span>
    </p>
   </div>
  </div>
 </body>
</html>
