1669 2896
470 43 525 108 C
572 61 611 105 Α
660 63 714 103 P.
822 45 960 105 III
1215 66 1330 126 457

114 137 273 199 illam
295 133 615 217 presentem
633 133 849 212 vsp1am
883 137 945 190 in
979 137 1145 194 terris
1168 134 1335 214 aspe-

111 223 721 288 xerint‚demirentur:
740 214 868 273 cum
890 218 1116 296 veroij
1125 222 1223 294 qui
1247 240 1339 277 co-

110 299 799 378 luerunt,seruaruntque
836 301 990 357 viui,
1019 306 1238 358 mortui
1275 305 1339 361 in

114 385 337 447 caelum,
358 383 510 440 vnde
542 381 765 438 castitas
787 399 922 436 nata
941 382 1040 441 est,
1071 384 1334 440 immun-

114 470 249 527 dam
265 465 502 524 humum
525 459 670 520 exosi
689 461 993 524 euolatint;
1013 481 1215 520 omnes
1233 483 1340 523 vo·

164 568 325 608 seos
343 543 720 641 precibusque
754 562 1043 624 nepetam,
1068 547 1343 604 reniden-

113 554 325 709 §.teque
329 631 566 686 virtutis
587 631 743 686 istius
781 626 1059 684 defiderio
1079 630 1341 705 quodam

111 707 438 770 incredibili
479 727 796 768 teneantur.
827 712 897 767 Et
935 706 1158 767 frustra.
1216 710 1344 769 Ra-

111 797 231 871 puit
267 790 400 849 illos
444 812 514 848 ex
541 790 724 850 oculis
760 791 873 848 vna
921 795 980 846 in
1018 791 1109 847 cte'¹
1120 813 1216 847 um
1251 813 1343 849 re-

109 873 309 932 uolans
349 875 574 932 castitas
604 914 623 933 ,
663 872 978 949 extulitque
1011 894 1075 928 ex
1106 873 1218 928 hoc
1252 871 1340 931 su-

90 953 265 1024 ·dore,
314 954 572 1031 puluere,
614 950 809 1012 arena,
851 957 906 1009 in
937 957 1183 1009 amicum
1232 971 1337 1030 pa—

107 1035 401 1116 triumque
437 1033 648 1100 solum,
695 1035 751 1090 in
798 1038 1087 1112 quointer
1119 1034 1337 1112 palmas

110 1122 169 1174 &
212 1117 403 1176 lauros
446 1115 707 1174 hostibus
745 1114 1020 1174 omnibus
1056 1114 1335 1194 superior,

106 1218 387 1257 coronata
429 1198 748 1272 triumphat
813 1203 1052 1275 praemio
1102 1202 1336 1276 potiens

108 1285 167 1337 &
189 1285 392 1340 maiori
414 1285 469 1337 &
492 1276 948 1358 digniori,qu?1tn
969 1300 1168 1337 eorum
1192 1278 1335 1343 olim

106 1381 264 1432 erat,
305 1365 403 1440 qui
445 1365 507 1417 in
549 1361 964 1420 certaminibus
1000 1362 1333 1439 Olympicis

106 1446 542 1501 viceranrznam
563 1464 691 1500 cum
715 1444 771 1500 hi
790 1463 1069 1502 coronam
1094 1445 1336 1503 marces-

107 1523 329 1583 fibilem
380 1524 935 1603 corruptibilemc'me
975 1524 1282 1585 retulerint
1312 1570 1333 1597 ,

106 1605 205 1662 illa
225 1626 354 1663 curn
379 1605 489 1664 suis
521 1606 660 1664 caelo
699 1625 922 1683 recepta
954 1606 1203 1685 palmam
1227 1607 1331 1665 ha-

107 1687 204 1745 bet
235 1685 570 1766 laurumque
604 1687 766 1747 nullo
787 1710 1035 1768 vnquam
1059 1685 1332 1761 fulmine,

107 1789 203 1827 aut
227 1785 487 1849 tempore
527 1774 1052 1830 intermorituram.

188 1854 488 1910 Hastenus
519 1852 836 1921 Salomon,
865 1874 989 1930 quae
1023 1848 1247 1914 efferri,
1268 1859 1328 1914 &

108 1937 448 2011 exaggerari
476 1932 620 1991 hic
600 1955 630 1991 a
667 1956 755 1991 me
787 1936 1007 2013 possent
1035 1932 1326 1997 fufiffime:

109 2014 210 2071 nisi
231 2023 288 2071 in
310 2014 432 2071 lilio
455 2016 727 2073 Mariano
746 2019 801 2074 id
821 2013 955 2074 alias
994 2036 1121 2072 cum
1144 2019 1211 2074 de
1230 2039 1328 2076 ca-

108 2096 310 2155 stitatis
370 2098 660 2174 dignitate
714 2093 1047 2156 scriberem,
1095 2095 1329 2161 abunde

111 2175 481 2255 perfecissem.
503 2200 676 2274 quare
698 2183 1179 2257 neaotumagam,
1204 2203 1329 2242 non

112 2265 286 2317 eroin
307 2260 422 2318 hoc
441 2266 628 2355 capite
656 2260 956 2341 prolixior.
979 2228 1331 2338 Νῗςυεοῑᾶ-

111 2360 242 2396 men
276 2348 712 2420 praetermittere
748 2347 891 2421 quin
929 2346 1131 2421 partim
1157 2365 1220 2402 ex
1254 2368 1327 2405 eo

105 2421 326 2490 libello,
357 2429 562 2503 partim
594 2448 660 2483 ex
695 2422 787 2483 hic
820 2422 1188 2504 superiusque
1221 2448 1326 2486 ex-

107 2503 373 2583 plicatis,
399 2509 684 2568 continua
730 2505 1018 2567 Antithesi
1069 2508 1322 2569 breuiter

1167 2593 1322 2651 inter
